%% This BibTeX bibliography file was created using BibDesk.
%% http://bibdesk.sourceforge.net/


%% Created for Claudia Müller-Birn at 2015-10-20 10:52:35 +0200


%% Saved with string encoding Unicode (UTF-8)

@book{EuzShv07,
	Author = {Euzenat, Jérôme and Shvaiko, Pavel},
	Publisher = {Springer},
	Title = {Ontology Matching},
	Year = {2007},
	Address = {Berlin Heidelberg New York},
	ISBN = {978-3-540-49611-3}
}

@misc{Ber14,
	Author = {Bergman, Mike},
	Title = {AI³ - 50 Ontology Mapping and Alignment Tools},
	Year = {2014},
	Howpublished = {\url{http://www.mkbergman.com/1769/50-ontology-mapping-and-alignment-tools/}},
	Lastchecked = {2016-03-27}
}

@misc{Bie02,
	Author = {Bien, Marcel and Leser, Ulf},
	Title = {Ontologie (Seminar Datenintergration)},
	Year = {2002},
	Howpublished = {\url{https://www.informatik.hu-berlin.de/de/forschung/gebiete/wbi/teaching/archive/ws0203/datenintegration/arbeiten/ontologien_paper.pdf}},
	Lastchecked = {2016-04-21}
}

@misc{Doa16,
	Author = {Doan, AnHai and Madhavan, Jayant and Domingos, Pedro and Halevy, Alon},
	Title = {Ontology Matching: A Machine Learning Approach)},
	Year = {2004},
	Howpublished = {\url{https://homes.cs.washington.edu/~pedrod/papers/hois.pdf}},
	Lastchecked = {2016-06-09}
}

@misc{Fra10,
	Author = {Francesco, Ricci and Rokach, Lior and Shapira, Bracha},
	Title = {Introduction to Recommender Systems)},
	Year = {2010},
	Howpublished = {\url{http://www.inf.unibz.it/~ricci/papers/intro-rec-sys-handbook.pdf}},
	Lastchecked = {2016-05-19}
}

@misc{Hes02,
	Author = {Hesse, Wolfgang},
	Title = {Informatiklexikon - Ontologie(n))},
	Year = {2002},
	Howpublished = {\url{https://www.gi.de/service/informatiklexikon/detailansicht/article/ontologien.html}},
	Lastchecked = {2016-04-21}
}

@misc{Hoo14,
	Author = {Hooi, Yew Kwang and Hassan, M. Fadzil and Shariff, Azmi M.},
	Title = {A Survey on Ontology Mapping Techniques},
	Year = {2014},
	Howpublished = {\url{https://www.researchgate.net/profile/Kwang_hooi_Yew/publication/270273987_A_Survey_on_Ontology_Mapping_Techniques/links/54a42ea60cf257a636071f67.pdf}},
	Lastchecked = {2016-03-27}
}

@misc{Kal04,
	Author = {Kalfoglou, Yannis and Schorlemmer, Marco},
	Title = {Ontology Mapping: The State of the Art},
	Year = {2004},
	Howpublished = {\url{http://drops.dagstuhl.de/volltexte/2005/40/pdf/04391.KalfoglouYannis.Paper.40.pdf}},
	Lastchecked = {2016-03-27}
}

@misc{Kei02,
	Author = {Keim, Daniel A.},
	Title = {Information Visualization and Visual Data Mining},
	Year = {2002},
	Howpublished = {\url{http://www.vis.uni-stuttgart.de/plain/vdl/vdl_upload/280_4_2002-Keim-Visualization.pdf}},
	Lastchecked = {2016-05-22}
}

@misc{Oel15,
	Author = {Oellrich, Anika and Walls, Ramona L. and Cannon, Ethalinda KS and Cannon, Steven B. and Cooper, Laurel and Gardiner, Jack and Gkoutos, Georgios V. and Harper, Lisa and He, Mingze and Hoehndorf, Robert and Jaiswal, Pankaj and Kalberer, Scott R. and Lloyd, John P. and Meinke, David and Menda, Naama and Moore, Laura and Nelson, Rex T. and Pujar, Anuradha and Lawrence, Carolyn J. and Huala, Eva},
	Title = {Bio Med Central},
	Year = {2015},
	Howpublished = {\url{http://plantmethods.biomedcentral.com/articles/10.1186/s13007-015-0053-y}},
	Lastchecked = {2016-03-27}
}

@misc{Pet06,
	Author = {Peter, Heiko},
	Title = {Ontologien},
	Year = {2006},
	Howpublished = {\url{http://www.db-thueringen.de/servlets/DerivateServlet/Derivate-9518/OntoBeamerSS06.pdf}},
	Lastchecked = {2016-04-21}
}

@misc{Pun07,
	Author = {Punuru, Janardhana R. and Chen, Jianhua},
	Title = {Machine Learning Techniques for Automatic Ontology Extraction from Domain Texts},
	Year = {2007},
	Howpublished = {\url{http://csc.lsu.edu/~jianhua/Ontology-learning.ppt}},
	Lastchecked = {2016-06-09}
}

@misc{Usc95,
	Author = {Uschold, Mike and King, Martin},
	Title = {Towards a Methodology for Building Ontologies},
	Year = {1995},
	Howpublished = {\url{http://citeseerx.ist.psu.edu/viewdoc/download?doi=10.1.1.480.1214&rep=rep1&type=pdf&hl=de&sa=X&scisig=AAGBfm1gXcsRsZBRASSif8zpWEjKaslJNw&nossl=1}},
	Lastchecked = {2016-05-07}
}

@misc{Sul09,
	Author = {Sullivan, Bryan},
	Title = {Security Briefs - XML Denial of Service Attacks and Defenses)},
	Year = {2009},
	Howpublished = {\url{https://msdn.microsoft.com/en-us/magazine/ee335713.aspx}},
	Lastchecked = {2017-02-21}
}

@misc{Shv13,
	Author = {Shvaiko, Pavel and Euzenat, Jérôme},
	Title = {Ontology matching: state of the art and future challenges},
	Year = {2013},
	Howpublished = {https://hal.archives-ouvertes.fr/file/index/docid/917910/filename/shvaiko2013a.pdf},
	Lastchecked = {2017-03-09}
}

@misc{Eng08,
	Author = {Engels, Gregor},
	Title = {Survey of Ontology Mapping Techniques},
	Year = {2008},
	Howpublished = {http://is-old.uni-paderborn.de/fileadmin/Informatik/AG-Engels/Lehre/SS08/Seminar_Software-Qualit%C3%A4tssicherung/Seminararbeiten/Comparsion_of_Ontology_Matching_Techniques_Savitri_Godugula_Ver_0_9.pdf},
	Lastchecked = {2017-03-09}
}

@misc{OAEI16,
	Title = {Ontology Alignment Evaluation Initiative - OAEI-2016 Campaign},
	Year = {2015},
	Howpublished = {http://oaei.ontologymatching.org/2016/anatomy/index.html},
	Lastchecked = {2017-03-12}
}

@misc{Euz07,
	Author = {Euzenat, Jérôme},
	Title = {Semantic Precision and Recall for Ontology Alignment Evaluation},
	Year = {2007},
	Howpublished = {http://www.aaai.org/Papers/IJCAI/2007/IJCAI07-054.pdf},
	Lastchecked = {2017-02-05}
}